@article{smaplearticle,
     author = "First A.",
     title = "{Extended Theories of Gravity}",
     eprint = "0000.0000",
     archivePrefix = "arXiv",
     doi = "DOI",
     journal = "JHEP",
     volume = "VV",
     pages = "PPP",
     year = "YYYY"
}

