@article{PhysRevD.101.036014,
  title = {Transmission of quantum information through quantum fields},
  author = {Simidzija, Petar and Ahmadzadegan, Aida and Kempf, Achim and Mart\'{\i}n-Mart\'{\i}nez, Eduardo},
  journal = {Phys. Rev. D},
  volume = {101},
  issue = {3},
  pages = {036014},
  numpages = {21},
  year = {2020},
  month = {Feb},
  publisher = {American Physical Society},
  doi = {10.1103/PhysRevD.101.036014},
  url = {https://link.aps.org/doi/10.1103/PhysRevD.101.036014}
}

